% Encoding: UTF-8

@WWW{angular-cli,
  author = {{Google}},
  title  = {Angular CLI documentation},
  year   = {2018},
  date   = {2018-04-22},
  url    = {https://cli.angular.io/},
}

@Www{SQLite-doc,
  author = {SQLite},
  title  = {Dokumentacja SQLite},
  year   = {2018},
  date   = {2018-05-20},
  url    = {https://www.sqlite.org/docs.html},
}

@Www{Swift-doc,
  author = {Apple},
  title  = {Dokumentacja Swift},
  year   = {2018},
  date   = {2018-07-11},
  url    = {https://developer.apple.com/documentation/swift},
}

@Www{Realm-doc,
  author = {Realm},
  title  = {Dokumentacja Realm},
  year   = {2018},
  date   = {2018-07-13},
  url    = {https://realm.io/docs/swift/latest/},
}

@Www{FMDB-doc,
  author = {FMDB},
  title  = {Dokumentacja FMDB},
  year   = {2018},
  date   = {2018-07-13},
  url    = {https://github.com/ccgus/fmdb},
}

@Www{CoreData-doc,
  author = {Apple},
  title  = {Dokumentacja Core Data},
  year   = {2018},
  date   = {2018-06-05},
  url    = {https://developer.apple.com/documentation/coredata},
}

@Www{PorownanieRealm,
  author = {Realm},
  title  = {Porównanie wydajnści bazy Realm},
  year   = {2018},
  date   = {2018-07-08},
  url    = {https://realm.io/blog/introducing-realm/},
}

@Www{Mockaroo,
  author = {Mockaroo},
  title  = {Generator danych},
  year   = {2018},
  date   = {2018-06-23},
  url    = {https://mockaroo.com/lists},
}

@Www{PorownanieDrDobbs,
  author = {DrDobbs},
  title  = {Porównanie baz danych Core Data i SQLite},
  year   = {2018},
  date   = {2018-07-08},
  url    = {http://www.drdobbs.com/mobile/ios-data-storage-core-data-vs-sqlite/240168843?queryText=core%2Bdata%2Bvs%2Bsql4},
}

@Book{SQLite-book,
  title     = {Learning SQLite for iOS},
  publisher = {Packt Publishing Ltd.},
  year      = {2016},
  author    = {Gene Da Rocha},
}

@Book{CoreDataBook,
  title     = {Core Data by Tutorials},
  publisher = {raywanderlich.com Tutorial Team},
  year      = {2018},
  author    = {Aaron Douglas and Saul Mora and Mathew Morey and Pietro Rea},
}

@Article{Art2Key,
  author  = {Minzhe Guo and Kai Qian and Li Yang},
  title   = {Hands-On Labs for Learning Mobile and NoSQL Database Security},
  journal = {2016 IEEE 40th Annual Computer Software and Applications Conference (COMPSAC)},
  year    = {2016},
}

@Article{Art3Key,
  author  = {Baoqin Liu and Xiaolei Zhang and Xianzhen Ren},
  title   = {Wireless data transmission between iOS client and web server},
  journal = {2014 9th International Conference on Computer Science \& Education},
  year    = {2014},
}

@Article{Art4Key,
  author  = {Yang Xu and Hai-Yang Li},
  title   = {Research on Interconnection and Correspondence Between Relational Database and Embedded Database SQLite},
  journal = {2010 International Conference on Communications and Mobile Computing},
  year    = {2010},
}

@Comment{jabref-meta: databaseType:bibtex;}
